<record><leader>00000cas a22000007a 4500</leader><controlfield tag="001">19680864</controlfield><controlfield tag="008">890509d19071917nduwr ne      0    0eng d</controlfield><datafield ind1=" " ind2=" " tag="010"><subfield code="a">sn 89074976 </subfield></datafield><datafield ind1=" " ind2=" " tag="040"><subfield code="a">NOP</subfield><subfield code="b">eng</subfield><subfield code="c">NOP</subfield><subfield code="d">OCLCQ</subfield></datafield><datafield ind1=" " ind2=" " tag="042"><subfield code="a">msc</subfield></datafield><datafield ind1="0" ind2=" " tag="130"><subfield code="a">Scranton register (Scranton, N.D.)</subfield></datafield><datafield ind1="1" ind2="4" tag="245"><subfield code="a">The Scranton register.</subfield></datafield><datafield ind1=" " ind2=" " tag="260"><subfield code="a">Scranton, Bowman County, N.D. :</subfield><subfield code="b">George D. Skinner</subfield></datafield><datafield ind1=" " ind2=" " tag="300"><subfield code="a">9 v. :</subfield><subfield code="b">ill. ;</subfield><subfield code="c">54 cm.</subfield></datafield><datafield ind1=" " ind2=" " tag="310"><subfield code="a">Weekly</subfield></datafield><datafield ind1="0" ind2=" " tag="362"><subfield code="a">Vol. 1, no. 2 (Dec. 6, 1907)-v. 9, no. 52 (Sept. 6, 1917).</subfield></datafield><datafield ind1=" " ind2=" " tag="500"><subfield code="a">"Official paper of Bowman County," 1911-1917.</subfield></datafield><datafield ind1=" " ind2=" " tag="500"><subfield code="a">"Official paper for town of Scranton," 1917.</subfield></datafield><datafield ind1=" " ind2=" " tag="515"><subfield code="a">Some issues misnumbered and/or misdated.</subfield></datafield><datafield ind1=" " ind2=" " tag="530"><subfield code="a">Available on microfilm from the State Historical Society of North Dakota.</subfield></datafield><datafield ind1=" " ind2=" " tag="752"><subfield code="a">United States</subfield><subfield code="b">North Dakota</subfield><subfield code="c">Bowman</subfield><subfield code="d">Scranton.</subfield></datafield><datafield ind1="0" ind2="0" tag="780"><subfield code="t">Buffalo Springs sentinel</subfield><subfield code="w">(DLC)sn 89074975</subfield></datafield><datafield ind1="0" ind2="0" tag="785"><subfield code="t">Briquette</subfield><subfield code="w">(DLC)sn 89074977</subfield></datafield></record>